@article{Antonio2019,
  doi = {10.1016/j.dib.2018.11.126},
  url = {https://doi.org/10.1016/j.dib.2018.11.126},
  year = {2019},
  month = feb,
  publisher = {Elsevier {BV}},
  volume = {22},
  pages = {41--49},
  author = {Nuno Antonio and Ana de Almeida and Luis Nunes},
  title = {Hotel booking demand datasets},
  journal = {Data in Brief}
}

@article{scikit-learn,
 title={Scikit-learn: Machine Learning in {P}ython},
 author={Pedregosa, F. and Varoquaux, G. and Gramfort, A. and Michel, V.
         and Thirion, B. and Grisel, O. and Blondel, M. and Prettenhofer, P.
         and Weiss, R. and Dubourg, V. and Vanderplas, J. and Passos, A. and
         Cournapeau, D. and Brucher, M. and Perrot, M. and Duchesnay, E.},
 journal={Journal of Machine Learning Research},
 volume={12},
 pages={2825--2830},
 year={2011}
}

@article{morales2010,
  author = {Romero Morales, Dolores and Wang, Jingbo},
  year = {2010},
  month = {04},
  pages = {554-562},
  title = {Forecasting cancellation rates for services booking revenue management using data mining},
  volume = {202},
  journal = {European Journal of Operational Research},
  doi = {10.1016/j.ejor.2009.06.006}
}

@book{mehrotra_ruttley_2006, 
  place={Washington, DC}, 
  title={Revenue management}, 
  publisher={American Hotel and Lodging Association}, 
  author={Mehrotra, Ravi and Ruttley, James}, 
  year={2006}
}

@misc{mock_bichat,
  author={Thomas Mock, Antoine Bichat},
  title={\#TidyTuesday: Hotels},
  month={feb},
  year={2019},
  version={1.0},
  url={https://www.kaggle.com/jessemostipak/hotel-booking-demand}
}
